@article{karlik2011performance,
  title={Performance analysis of various activation functions in generalized MLP architectures of neural networks},
  author={Karlik, Bekir and Olgac, A Vehbi},
  journal={International Journal of Artificial Intelligence and Expert Systems},
  volume={1},
  number={4},
  pages={111--122},
  year={2011},
  publisher={Citeseer}
}

@inproceedings{driss2017comparison,
  title={A comparison study between MLP and convolutional neural network models for character recognition},
  author={Driss, S Ben and Soua, Mahmoud and Kachouri, Rostom and Akil, Mohamed},
  booktitle={Real-Time Image and Video Processing 2017},
  volume={10223},
  pages={1022306},
  year={2017},
  organization={International Society for Optics and Photonics}
}

@article{vt1994radial,
  title={Radial basis function neural network for approximation and estimation of nonlinear stochastic dynamic systems},
  author={Vt, S Elanayar and Shin, Yung C},
  journal={IEEE transactions on neural networks},
  volume={5},
  number={4},
  pages={594--603},
  year={1994},
  publisher={IEEE}
}

@article{jang1993functional,
  title={Functional equivalence between radial basis function networks and fuzzy inference systems},
  author={Jang, J-SR and Sun, C-T},
  journal={IEEE transactions on Neural Networks},
  volume={4},
  number={1},
  pages={156--159},
  year={1993},
  publisher={IEEE}
}

@article{padmavati2011comparative,
  title={A comparative study on breast cancer prediction using RBF and MLP},
  author={Padmavati, J},
  journal={International Journal of Scientific \& Engineering Research},
  volume={2},
  number={1},
  pages={1--5},
  year={2011},
  publisher={Citeseer}
}

@article{zhang2019investigation,
  title={Investigation on performance of neural networks using quadratic relative error cost function},
  author={Zhang, Ning and Shen, Shui-Long and Zhou, Annan and Xu, Ye-Shuang},
  journal={IEEE Access},
  volume={7},
  pages={106642--106652},
  year={2019},
  publisher={IEEE}
}